<record><leader>00000cas a2200000Ia 4500</leader><controlfield tag="001">11176309</controlfield><controlfield tag="008">840920d18611uuucauwr n a     0    0eng d</controlfield><datafield ind1=" " ind2=" " tag="010"><subfield code="a">sn 93060360 </subfield></datafield><datafield ind1=" " ind2=" " tag="040"><subfield code="a">COG</subfield><subfield code="b">eng</subfield><subfield code="c">COG</subfield><subfield code="d">MQN</subfield><subfield code="d">OCL</subfield><subfield code="d">OCLCQ</subfield><subfield code="d">OCLCF</subfield><subfield code="d">OCLCO</subfield><subfield code="d">OCLCQ</subfield></datafield><datafield ind1=" " ind2=" " tag="043"><subfield code="a">n-us-ca</subfield></datafield><datafield ind1=" " ind2="4" tag="050"><subfield code="a">AN2</subfield><subfield code="b">.B42x</subfield></datafield><datafield ind1="0" ind2="4" tag="245"><subfield code="a">The Weekly Butte Democrat.</subfield></datafield><datafield ind1=" " ind2=" " tag="260"><subfield code="a">Oroville, Calif. :</subfield><subfield code="b">A.N. Wyman &amp; Co.</subfield></datafield><datafield ind1=" " ind2=" " tag="310"><subfield code="a">Weekly</subfield></datafield><datafield ind1=" " ind2=" " tag="336"><subfield code="a">text</subfield><subfield code="b">txt</subfield><subfield code="2">rdacontent</subfield></datafield><datafield ind1=" " ind2=" " tag="337"><subfield code="a">microform</subfield><subfield code="b">h</subfield><subfield code="2">rdamedia</subfield></datafield><datafield ind1=" " ind2=" " tag="338"><subfield code="a">microfilm reel</subfield><subfield code="b">hd</subfield><subfield code="2">rdacarrier</subfield></datafield><datafield ind1="1" ind2=" " tag="362"><subfield code="a">Began in 1861.</subfield></datafield><datafield ind1=" " ind2=" " tag="500"><subfield code="a">"County official paper."</subfield></datafield><datafield ind1=" " ind2=" " tag="580"><subfield code="a">Continues: the Butte Democrat.</subfield></datafield><datafield ind1="0" ind2=" " tag="588"><subfield code="a">Vol. 2 (Jan. 1861).</subfield></datafield><datafield ind1=" " ind2=" " tag="533"><subfield code="a">Microfilm.</subfield><subfield code="e">microfilm reels; 35 mm.</subfield></datafield><datafield ind1=" " ind2="0" tag="651"><subfield code="a">Butte County (Calif.)</subfield><subfield code="v">Newspapers.</subfield></datafield><datafield ind1=" " ind2="7" tag="651"><subfield code="a">California</subfield><subfield code="z">Butte County.</subfield><subfield code="2">fast</subfield><subfield code="0">(OCoLC)fst01215262</subfield></datafield><datafield ind1=" " ind2="7" tag="655"><subfield code="a">Newspapers.</subfield><subfield code="2">fast</subfield><subfield code="0">(OCoLC)fst01423814</subfield></datafield><datafield ind1=" " ind2=" " tag="752"><subfield code="a">United States</subfield><subfield code="b">California</subfield><subfield code="c">Butte</subfield><subfield code="d">Oroville.</subfield></datafield><datafield ind1="0" ind2="0" tag="780"><subfield code="t">Butte Democrat</subfield><subfield code="w">(OCoLC)11176339</subfield></datafield></record>